<?xml version="1.0" encoding="UTF-8"?><collection xmlns="http://www.loc.gov/MARC21/slim"><record><leader>00337nam--2200133-i-4500</leader><controlfield tag="001">000034254</controlfield><controlfield tag="002">20161230</controlfield><controlfield tag="005">20161230201040</controlfield><controlfield tag="008">060222s1000------------r-----000-0-eng-d</controlfield><datafield ind1=" " ind2=" " tag="080"><subfield code="a">536.75</subfield></datafield><datafield ind1=" " ind2=" " tag="100"><subfield code="a">Munster, Arnold</subfield></datafield><datafield ind1=" " ind2=" " tag="245"><subfield code="a">Statistische thermodynamik</subfield></datafield><datafield ind1=" " ind2=" " tag="260"><subfield code="a">Berlin, Springer-verlag, 1956, X + 852p. Cu 193 Fig</subfield></datafield><datafield ind1=" " ind2=" " tag="852"><subfield code="a">13037</subfield></datafield></record></collection>